<?xml version="1.0" encoding="UTF-8"?><collection xmlns="http://www.loc.gov/MARC21/slim"><record><leader>00600nam--2200205-u-4500</leader><controlfield tag="001">000052943</controlfield><controlfield tag="002">20161230</controlfield><controlfield tag="005">20161230201050</controlfield><controlfield tag="008">101130s1000------------r-----000-0-eng-d</controlfield><datafield ind1=" " ind2=" " tag="020"><subfield code="a">0198518935</subfield></datafield><datafield ind1=" " ind2=" " tag="040"><subfield code="a">IFIN-HH</subfield></datafield><datafield ind1=" " ind2=" " tag="080"><subfield code="a">535:537(632+228.3):539.216</subfield></datafield><datafield ind1="1" ind2=" " tag="100"><subfield code="a">Bennemann, K.H</subfield></datafield><datafield ind1="1" ind2="0" tag="245"><subfield code="a">Nonlinear optics in metals</subfield><subfield code="c">K.H. BENNEMANN (Ed.)</subfield></datafield><datafield ind1=" " ind2=" " tag="260"><subfield code="a">Oxford</subfield><subfield code="b">Calderon Press</subfield><subfield code="c">1998</subfield></datafield><datafield ind1=" " ind2=" " tag="300"><subfield code="a">486P</subfield></datafield><datafield ind1=" " ind2=" " tag="490"><subfield code="a">International Series Of Monographs On Physics; Oxford Science Publications</subfield><subfield code="v">vol. 98</subfield></datafield><datafield ind1=" " ind2="0" tag="650"><subfield code="a">Magnetooptics</subfield></datafield><datafield ind1=" " ind2=" " tag="852"><subfield code="a">81670</subfield><subfield code="c">535</subfield></datafield><datafield ind1=" " ind2=" " tag="CAT"><subfield code="a">Sys</subfield><subfield code="c">20101130</subfield><subfield code="h">102441</subfield></datafield></record></collection>